@software{gcc,
  title = {{GNU C++ Compiler 11.4.0}},
  version = {11.4.0},
  year = {2023}, 
  url = {https://gcc.gnu.org/},
 }

@software{cmake,
  title = {{CMake Build System 3.0}},
  version = {3.0},
  url = {https://cmake.org/},
}

@article{PhysRevE.49.5389,
  title = {Budding transitions of fluid-bilayer vesicles: The effect of area-difference elasticity},
  author = {Miao, Ling and Seifert, Udo and Wortis, Michael and D\"obereiner, Hans-G\"unther},
  journal = {Phys. Rev. E},
  volume = {49},
  issue = {6},
  pages = {5389--5407},
  numpages = {0},
  year = {1994},
  month = {Jun},
  publisher = {American Physical Society},
  doi = {10.1103/PhysRevE.49.5389},
}



@manual{openmp,
  title = {{OpenMP API 5.2}},
  organization = {OpenMP Architecture Review Board},
  year = {2021}, 
  url = {https://www.openmp.org/},
}

@online{pybind11,
  title = {{PyBind11 Documentation}},
  author = {Wenzel, Jakob},
  url = {https://pybind11.readthedocs.io/en/stable/},
}

@software{osxcross,
  title = {{macOS Cross toolchain for Linux and *BSD}},
  url = {https://github.com/tpoechtrager/osxcross},
}